@book{Carroll,
	author = {Carroll, Lewis},
	title = {{Alice hinter den Spiegeln}},
	year = {1871}
}

@book{Lucas,
	author = {Lucas, George},
	title = {{Krieg der Sterne}},
	year = {1978}
}

@incollection{Spiderman,
  author       = {Stan Lee}, 
  title        = {Amazing Fantasy},
  publisher    = {Marvel Comics},
  year         = 1962,
  volume       = 15,
}
